@MISC{Danielsson06fastand,
    author = {Nils Anders Danielsson and Nils Anders and Danielsson John Hughes and Patrik Jansson},
    title = {Fast and Loose Reasoning is Morally Correct},
    year = {2006}
}