@article{danielsson06,
  title={Fast and loose reasoning is morally correct},
  author={Danielsson, Nils Anders and Hughes, John and Jansson, Patrik and Gibbons, Jeremy},
  journal={ACM SIGPLAN Notices},
  volume={41},
  number={1},
  pages={206--217},
  year={2006},
  publisher={ACM}
}

@article{mazur07,
    author = {Mazur, Barry},
    title = {When is one thing equal to some other thing?},
    year = {2007}
}

@book{mplbook,
  title = {C++ template metaprogramming: concepts, tools, and techniques from Boost and beyond},
  author = {Abrahams, David and Gurtovoy, Aleksey},
  year = {2004},
  publisher = {Pearson Education}
}

@misc{fusion,
  title = "The {Boost} {Fusion} library",
  author = {de Guzman, Joel and Marsden, Dan and Schwinger, Tobias},
  year = {2008},
  howpublished = {\url{http://www.boost.org/doc/libs/release/libs/fusion/doc/html/index.html}},
}

@misc{mpl,
  title = "The {Boost} {MPL} library",
  author = {Gurtovoy, Aleksey and Abrahams, David},
  year = {2002},
  howpublished = {\url{http://www.boost.org/doc/libs/release/libs/mpl/doc/index.html}},
}

@misc{hana,
    title = "The {Hana} library",
    author = {Dionne, Louis},
    year = {2015},
    howpublished = {\url{http://github.com/ldionne/hana}}
}

@book{maclane78,
  title={Categories for the working mathematician},
  author={Mac Lane, Saunders},
  volume={5},
  year={1978},
  publisher={Springer Science \& Business Media}
}

@misc{bartosz09,
  title = "What Does {Haskell} Have to Do with {C++}?",
  author = {Milewski, Bartosz},
  year = {2009},
  howpublished = {\url{http://bartoszmilewski.com/2009/10/21/what-does-haskell-have-to-do-with-c}}
}

@misc{haskellcategory,
  author = "Wikibooks",
  title = "Haskell/Category theory",
  year = "2015",
  howpublished = {\url{http://en.wikibooks.org/w/index.php?title=Haskell/Category_theory}}
}
